@book{involution,
    title={Take my Revolution for Involution},
    author={skyleaworlder},
    pages={10--20},
    year={2022},
    publisher={Involution Publishing},
    isbn={9780123456786},
    language={English},
    url={http://example.com/involution-book},
    abstract={The book delves into the phenomenon of involution, analyzing its causes, effects, and potential solutions.},
    pagetotal={30},
    translator={张三}
}

@article{undergrads_inv,
    title={后现代内卷困境的美学鉴赏},
    author={自然卷},
    year={2023},
    publisher={内卷农业出版社},
    journal={内卷学刊},
    volume={5},
    number={2},
    pages={100--120},
    abstract={本文探讨了后现代内卷困境在中国社会中的美学欣赏。分析了内卷的艺术表达和文化含义。},
    doi={10.12345/abcde},
    issn={1234-5678},
    language={Chinese},
    url={http://example.com/inv-article},
    translator={李四},
    pagetotal={21}
}

@article{qin2021,
  title   = {将“强芯筑统”思想贯穿计算机专业人才培养过程的实践},
  author  = {秦国锋 and 张冬冬 and 尹学锋 and 王力生 and 郝泳涛 and 郭玉臣 and 陈永生 and 陆有军},
  journal = {实验技术与管理},
  year    = {2021},
  volume  = {38},
  number  = {7},
  pages   = {217--221},
  issn    = {1002-4956},
}